@OTHER{Fukuda2004,
  author = {Komei Fukuda},
  comment = {last accessed on 5 May 2012.},
  day = {26},
  file = {:/Users/scott/scott_centre/books/FAQinPolyhedralComputation_Fukuda-2004/polyfaq.html:URL;books/FAQinPolyhedralComputation_Fukuda-2004/::},
  month = {August},
  title = {Frequently Asked Questions in Polyhedral Computation},
  note = {\url{http://www.ifor.math.ethz.ch/~fukuda/polyfaq/polyfaq.html}},
  year = {2004}
}
